<collection xmlns="http://www.loc.gov/MARC21/slim">
<record>
  <leader>01809nam0a22003251i 450 </leader>
  <controlfield tag="001">IT\ICCU\CNCE\059514</controlfield>
  <controlfield tag="005">20200128000000.0</controlfield>
  <datafield tag="012" ind1=" " ind2=" ">
    <subfield code="a">i,i- t.o, s.s? ToTr (3) 1552 (R)</subfield>
    <subfield code="2">fei</subfield>
  </datafield>
  <datafield tag="100" ind1=" " ind2=" ">
    <subfield code="a">20041029d1552        0itac0103    ba</subfield>
  </datafield>
  <datafield tag="101" ind1=" " ind2=" ">
    <subfield code="a">LAT</subfield>
  </datafield>
  <datafield tag="102" ind1=" " ind2=" ">
    <subfield code="a">IT</subfield>
  </datafield>
  <datafield tag="200" ind1="1" ind2=" ">
    <subfield code="a">℗Andreae Rapitii, nobilis Tergestini. ℗Facilioris musae carminum libri duo. Quorum prior epigrammata quaedam continet</subfield>
  </datafield>
  <datafield tag="210" ind1=" " ind2=" ">
    <subfield code="a">Venetijs</subfield>
    <subfield code="c">apud Ioannem Mariam Bonellum</subfield>
    <subfield code="d">1552</subfield>
  </datafield>
  <datafield tag="215" ind1=" " ind2=" ">
    <subfield code="a">27, \1! c.</subfield>
    <subfield code="d">8ʻ</subfield>
  </datafield>
  <datafield tag="620" ind1=" " ind2=" ">
    <subfield code="a">IT</subfield>
    <subfield code="d">Venezia</subfield>
  </datafield>
  <datafield tag="700" ind1=" " ind2="1">
    <subfield code="a">Rapicio,</subfield>
    <subfield code="b">Andrea</subfield>
    <subfield code="3">IT\ICCU\CNCA\018168</subfield>
  </datafield>
  <datafield tag="712" ind1="0" ind2="0">
    <subfield code="a">Bonelli, Giovanni Maria</subfield>
    <subfield code="c"> &lt;1.&gt;</subfield>
    <subfield code="3">IT\ICCU\CNCT\000356</subfield>
    <subfield code="4">650</subfield>
  </datafield>
  <datafield tag="790" ind1=" " ind2="1">
    <subfield code="a">Rapiccio,</subfield>
    <subfield code="b">Andrea</subfield>
    <subfield code="3">IT\ICCU\CNCA\023218</subfield>
    <subfield code="z">Rapicio, Andrea</subfield>
  </datafield>
  <datafield tag="790" ind1=" " ind2="1">
    <subfield code="a">Rapicius,</subfield>
    <subfield code="b">Andreas</subfield>
    <subfield code="3">IT\ICCU\CNCA\023219</subfield>
    <subfield code="z">Rapicio, Andrea</subfield>
  </datafield>
  <datafield tag="791" ind1="0" ind2="0">
    <subfield code="a">Bonellus, Ioannes Maria</subfield>
    <subfield code="c"> &lt;1&gt;</subfield>
    <subfield code="3">IT\ICCU\CNCT\004443</subfield>
    <subfield code="z">Bonelli, Giovanni Maria &lt;1.&gt;</subfield>
  </datafield>
  <datafield tag="791" ind1="0" ind2="0">
    <subfield code="a">Bonello, Giovan Maria</subfield>
    <subfield code="3">IT\ICCU\CNCT\004444</subfield>
    <subfield code="z">Bonelli, Giovanni Maria &lt;1.&gt;</subfield>
  </datafield>
  <datafield tag="801" ind1=" " ind2="3">
    <subfield code="a">IT</subfield>
    <subfield code="b">ICCU</subfield>
    <subfield code="c">20201115</subfield>
  </datafield>
  <datafield tag="899" ind1=" " ind2=" ">
    <subfield code="a">Biblioteca civica. Pordenone</subfield>
    <subfield code="1">PN0051</subfield>
    <subfield code="2">TSA BP</subfield>
  </datafield>
  <datafield tag="899" ind1=" " ind2=" ">
    <subfield code="a">Biblioteca civica A. Hortis. Trieste</subfield>
    <subfield code="1">TS0013</subfield>
    <subfield code="2">TSA BC</subfield>
  </datafield>
  <datafield tag="899" ind1=" " ind2=" ">
    <subfield code="a">British Library. London</subfield>
    <subfield code="1">UK0001</subfield>
  </datafield>
  <datafield tag="899" ind1=" " ind2=" ">
    <subfield code="a">Biblioteca Querini Stampalia. Venezia</subfield>
    <subfield code="1">VE0047</subfield>
    <subfield code="2">VEA QS</subfield>
  </datafield>
  <datafield tag="911" ind1=" " ind2=" ">
    <subfield code="a">Sul front.</subfield>
    <subfield code="9">IT\ICCU\CNCM\000447</subfield>
  </datafield>
  <datafield tag="911" ind1=" " ind2=" ">
    <subfield code="a">In fine</subfield>
    <subfield code="9">IT\ICCU\CNCM\000443</subfield>
  </datafield>
  <datafield tag="921" ind1=" " ind2=" ">
    <subfield code="a">IT\ICCU\CNCM\000447</subfield>
    <subfield code="b">Ragno al centro della tela. In basso iniziali Z.M.B.V.</subfield>
    <subfield code="e">Cum Minerva manum quoque move.</subfield>
    <subfield code="c">Q35</subfield>
    <subfield code="c">V291</subfield>
    <subfield code="c">Z994</subfield>
    <subfield code="d">Dimensioni: 6 x 7,2</subfield>
    <subfield code="f">CUMMINERVA</subfield>
    <subfield code="f">RAGNO</subfield>
    <subfield code="f">TELA</subfield>
    <subfield code="f">ZMBV</subfield>
    <subfield code="g">1551-1576</subfield>
  </datafield>
  <datafield tag="921" ind1=" " ind2=" ">
    <subfield code="a">IT\ICCU\CNCM\000443</subfield>
    <subfield code="b">Giovane con masso legato al braccio sinistro volge il destro alato verso una corona in una nube; ai lati due donne con le vesti lacere (Povert)̉.</subfield>
    <subfield code="e">Theou Sumparontos</subfield>
    <subfield code="c">Z978</subfield>
    <subfield code="d">Dimensioni: 7 x 9,5</subfield>
    <subfield code="f">CORONA</subfield>
    <subfield code="f">MASSO</subfield>
    <subfield code="f">POVERTA</subfield>
    <subfield code="f">THEONSUMPA</subfield>
    <subfield code="f">UOMO</subfield>
    <subfield code="g">1552-1562</subfield>
  </datafield>
</record>
</collection>
